@book{compphys_lecnotes,
    author    = "Morten Hjorth-Jensen",
    title     = "Computational Physics - Lecture notes",
    year      = "2015",
    publisher = "",
}

@book{schroeder,
    author    = "Daniel V. Schroeder",
    title     = "An Introduction to Thermal Physics",
    publisher = "Pearson",
    edition  = "1",
    year      = "1999",
}

@inbook{Xinbook,
    author  = "",
    editor  = "",
    title   = "",
    chapter = "",
    pages   = "",
    publisher= "",
    %volume = "",
    %number = "",
    %series = "",
    %type   = "",
    %address= "",
    %edition= "",
    year    = "",
    %month  = "",
    %note   = "",
}

@book{
    statmek_compendium,
    author    = "Anders Malthe-SÃ¸renssen and Dag Kristian Dysthe",
    title     = "Statistical and Thermal Physics Using Python",
    publisher = "",
    edition  = "",
    year      = "2017",
}

@misc{statmek_lecnotes,
    author    = "Morten Hjorth-Jensen",
    title     = "Computational Physics Lectures: Statistical physics and the Ising Model",
    year     = "2017",
    month    = "August",
}
